<?xml version="1.0" encoding="UTF-8"?>
<Document xsi:schemaLocation="urn:iso:std:iso:20022:tech:xsd:camt.053.001.02 camt.053.001.02.xsd" xmlns="urn:iso:std:iso:20022:tech:xsd:camt.053.001.02" xmlns:xsi="http://www.w3.org/2001/XMLSchema-instance">
  <BkToCstmrStmt>
    <GrpHdr>
      <MsgId>CEKOSKBXXXX-***-251128-0000TEST003</MsgId>
      <CreDtTm>2025-11-28T10:00:00.0+01:00</CreDtTm>
      <MsgPgntn>
        <PgNb>1</PgNb>
        <LastPgInd>true</LastPgInd>
      </MsgPgntn>
      <AddtlInf>denny</AddtlInf>
    </GrpHdr>
    <Stmt>
      <Id>SK4275000000004035156222-6-251128</Id>
      <ElctrncSeqNb>1</ElctrncSeqNb>
      <LglSeqNb>1</LglSeqNb>
      <CreDtTm>2025-11-28T10:00:00.0+01:00</CreDtTm>
      <FrToDt>
        <FrDtTm>2025-11-01T00:00:00.0+01:00</FrDtTm>
        <ToDtTm>2025-11-28T23:59:59.9+01:00</ToDtTm>
      </FrToDt>
      <Acct>
        <Id>
          <IBAN>SK4275000000004035156222</IBAN>
        </Id>
        <Tp>
          <Cd>CACC</Cd>
        </Tp>
        <Ccy>EUR</Ccy>
        <Nm>Zdruzenie 45</Nm>
      </Acct>
      <Bal>
        <Tp>
          <CdOrPrtry>
            <Cd>CLBD</Cd>
          </CdOrPrtry>
        </Tp>
        <Amt Ccy="EUR">300.00</Amt>
        <CdtDbtInd>CRDT</CdtDbtInd>
        <Dt>
          <Dt>2025-11-28</Dt>
        </Dt>
      </Bal>
      <TxsSummry>
        <TtlNtries>
          <NbOfNtries>2</NbOfNtries>
          <Sum>300.00</Sum>
        </TtlNtries>
      </TxsSummry>
      
      <Ntry>
        <NtryRef>3001</NtryRef>
        <Amt Ccy="EUR">100.00</Amt>
        <CdtDbtInd>CRDT</CdtDbtInd>
        <RvslInd>false</RvslInd>
        <Sts>BOOK</Sts>
        <BookgDt>
          <Dt>2025-11-28</Dt>
        </BookgDt>
        <ValDt>
          <Dt>2025-11-28</Dt>
        </ValDt>
        <BkTxCd>
          <Prtry>
            <Cd>10000405000</Cd>
            <Issr>SBA</Issr>
          </Prtry>
        </BkTxCd>
        <NtryDtls>
          <TxDtls>
            <Refs>
              <AcctSvcrRef>3001</AcctSvcrRef>
              <EndToEndId>/VS300001/SS/KS</EndToEndId>
            </Refs>
            <AmtDtls>
              <InstdAmt>
                <Amt Ccy="EUR">100.00</Amt>
              </InstdAmt>
            </AmtDtls>
            <BkTxCd>
              <Prtry>
                <Cd>10000405000</Cd>
                <Issr>SBA</Issr>
              </Prtry>
            </BkTxCd>
            <RltdPties>
              <Dbtr>
                <Nm>Robert Nemec</Nm>
              </Dbtr>
              <DbtrAcct>
                <Id>
                  <IBAN>SK7777777777777777777777</IBAN>
                </Id>
                <Nm>Robert Nemec</Nm>
              </DbtrAcct>
              <Cdtr>
                <Nm>Zdruzenie 45</Nm>
              </Cdtr>
              <CdtrAcct>
                <Id>
                  <IBAN>SK4275000000004035156222</IBAN>
                </Id>
                <Nm>Zdruzenie 45</Nm>
              </CdtrAcct>
            </RltdPties>
            <RltdAgts>
              <DbtrAgt>
                <FinInstnId>
                  <BIC>BREXSKBXXXX</BIC>
                  <Nm>mBank S.A., pobocka zahranicnej banky</Nm>
                </FinInstnId>
              </DbtrAgt>
              <CdtrAgt>
                <FinInstnId>
                  <BIC>CEKOSKBX</BIC>
                  <Nm>Ceskoslovenska obchodna banka, a.s.</Nm>
                </FinInstnId>
              </CdtrAgt>
            </RltdAgts>
            <RmtInf>
              <Ustrd>Dar - Robert Nemec</Ustrd>
            </RmtInf>
            <RltdDts>
              <TxDtTm>2025-11-28T10:00:00.0+01:00</TxDtTm>
            </RltdDts>
            <AddtlTxInf>Prijata platba</AddtlTxInf>
          </TxDtls>
        </NtryDtls>
      </Ntry>

      <Ntry>
        <NtryRef>3002</NtryRef>
        <Amt Ccy="EUR">200.00</Amt>
        <CdtDbtInd>CRDT</CdtDbtInd>
        <RvslInd>false</RvslInd>
        <Sts>BOOK</Sts>
        <BookgDt>
          <Dt>2025-11-28</Dt>
        </BookgDt>
        <ValDt>
          <Dt>2025-11-28</Dt>
        </ValDt>
        <BkTxCd>
          <Prtry>
            <Cd>10000405000</Cd>
            <Issr>SBA</Issr>
          </Prtry>
        </BkTxCd>
        <NtryDtls>
          <TxDtls>
            <Refs>
              <AcctSvcrRef>3002</AcctSvcrRef>
              <EndToEndId>/VS300002/SS/KS</EndToEndId>
            </Refs>
            <AmtDtls>
              <InstdAmt>
                <Amt Ccy="EUR">200.00</Amt>
              </InstdAmt>
            </AmtDtls>
            <BkTxCd>
              <Prtry>
                <Cd>10000405000</Cd>
                <Issr>SBA</Issr>
              </Prtry>
            </BkTxCd>
            <RltdPties>
              <Dbtr>
                <Nm>Monika Sedlakova</Nm>
              </Dbtr>
              <DbtrAcct>
                <Id>
                  <IBAN>SK8888888888888888888888</IBAN>
                </Id>
                <Nm>Monika Sedlakova</Nm>
              </DbtrAcct>
              <Cdtr>
                <Nm>Zdruzenie 45</Nm>
              </Cdtr>
              <CdtrAcct>
                <Id>
                  <IBAN>SK4275000000004035156222</IBAN>
                </Id>
                <Nm>Zdruzenie 45</Nm>
              </CdtrAcct>
            </RltdPties>
            <RltdAgts>
              <DbtrAgt>
                <FinInstnId>
                  <BIC>GIBASKBXXXX</BIC>
                  <Nm>Slovenska sporitelna, a.s.</Nm>
                </FinInstnId>
              </DbtrAgt>
              <CdtrAgt>
                <FinInstnId>
                  <BIC>CEKOSKBX</BIC>
                  <Nm>Ceskoslovenska obchodna banka, a.s.</Nm>
                </FinInstnId>
              </CdtrAgt>
            </RltdAgts>
            <RmtInf>
              <Ustrd>Predplatne - Monika Sedlakova</Ustrd>
            </RmtInf>
            <RltdDts>
              <TxDtTm>2025-11-28T11:00:00.0+01:00</TxDtTm>
            </RltdDts>
            <AddtlTxInf>Prijata platba</AddtlTxInf>
          </TxDtls>
        </NtryDtls>
      </Ntry>

    </Stmt>
  </BkToCstmrStmt>
</Document>
